<?xml version="1.0" encoding="UTF-8"?><collection xmlns="http://www.loc.gov/MARC21/slim"><record><leader>00414nam--2200145-i-4500</leader><controlfield tag="001">000002071</controlfield><controlfield tag="002">20161230</controlfield><controlfield tag="005">20161230201024</controlfield><controlfield tag="008">060222s1000------------r-----000-0-eng-d</controlfield><datafield ind1=" " ind2=" " tag="080"><subfield code="a">621.396:621.52.80</subfield></datafield><datafield ind1=" " ind2=" " tag="100"><subfield code="a">Goldreer, I.G</subfield></datafield><datafield ind1=" " ind2=" " tag="245"><subfield code="a">Reactia in etajele cu tuburi electronice. traducere din lb. rusa</subfield></datafield><datafield ind1=" " ind2=" " tag="260"><subfield code="a">Bucuresti, Edit. Tehnica, 1957. 88 P. + Fig.+ Erata</subfield></datafield><datafield ind1=" " ind2=" " tag="490"><subfield code="a">Colectia Radio</subfield></datafield><datafield ind1=" " ind2=" " tag="852"><subfield code="a">4506</subfield></datafield></record></collection>